@BOOK{maxflow,
   title = {Menger's Theorems and Max-Flow-Min-Cut},
   publisher = {Florida Atlantic University},
   year = {1997},
   author = {S.C. Locke},
   pages = {1},
   address = {Florida Atlantic University},
   edition = {1},
   url = {https://web.archive.org/web/20071012043138/http://www.math.fau.edu/locke/Menger.htm}
 }

@ARTICLE{GORING2000295,
title = {Short proof of Menger's Theorem},
journal = {Discrete Mathematics},
volume = {219},
number = {1},
pages = {295-296},
year = {2000},
issn = {0012-365X},
doi = {https://doi.org/10.1016/S0012-365X(00)00088-1},
url = {https://www.sciencedirect.com/science/article/pii/S0012365X00000881},
author = {F. Göring},
keywords = {Connectivity, Disjoint paths, Digraph, Menger},
abstract = {A short proof of the classical theorem of Menger concerning the number of disjoint AB-paths of a finite digraph for two subsets A and B of its vertex set is given.}
note = {Disponível em: <https://www.sciencedirect.com/science/article/pii/S0012365X00000881/>. Acesso em: 11 de dez. 2022}
}
 

@BOOK{disjoint,
  organization = {Princeton University},
  title = {Maximum Flow Applications},
  author = {Kevin Wayne},
  publisher = {Princeton University},
  year = {2001},
  url = {https://www.cs.princeton.edu/~wayne/cs423/lectures/max-flow-applications},
  note = {Disponível em: <https://www.cs.princeton.edu/~wayne/cs423/lectures/max-flow-applications/>. Acesso em: 11 de dez. 2022}
 }

 @book{10.5555/2168303,
editor = {Goldreich, Oded and Rosenberg, Arnold L. and Selman, Alan L.},
title = {Theoretical Computer Science: Essays in Memory of Shimon Even},
year = {2006},
isbn = {3540328807},
publisher = {Springer-Verlag},
address = {Berlin, Heidelberg}
}


@article{Erdos:1959:pmd,
  author = {Erd\"os, P and R\'enyi, A},
  url = {https://www.renyi.hu/~p_erdos/1959-11.pdf},
  journal = {Publicationes Mathematicae Debrecen},
  pages = {290--297},
  title = {On Random Graphs I},
  volume = 6,
  year = 1959
}


 